<?xml version="1.0" encoding="UTF-8"?><collection xmlns="http://www.loc.gov/MARC21/slim"><record><leader>00640nam--2200193-u-4500</leader><controlfield tag="001">000056004</controlfield><controlfield tag="002">20161230</controlfield><controlfield tag="005">20161230201052</controlfield><controlfield tag="008">141112s1000------------r-----000-0-rum-d</controlfield><datafield ind1=" " ind2=" " tag="020"><subfield code="a">22472258</subfield></datafield><datafield ind1=" " ind2=" " tag="040"><subfield code="a">IFIN-HH</subfield></datafield><datafield ind1=" " ind2=" " tag="041"><subfield code="a">rum</subfield></datafield><datafield ind1="1" ind2=" " tag="100"><subfield code="a">Iuga, Simion</subfield></datafield><datafield ind1="1" ind2="0" tag="245"><subfield code="a">Cultura si civilizatie romaneasca in maramures</subfield><subfield code="b">Vol. 4 simpozionul de la salistea de sus august 2013 colaborarea dintre horia hulubei si yvette cauchois</subfield><subfield code="c">Simion iuga (coord.)</subfield></datafield><datafield ind1=" " ind2=" " tag="260"><subfield code="a">Cluj-napoca</subfield><subfield code="b">Risoprint</subfield><subfield code="c">2013</subfield></datafield><datafield ind1=" " ind2=" " tag="300"><subfield code="a">254P. + ANEXA</subfield></datafield><datafield ind1=" " ind2=" " tag="490"><subfield code="a">Cultura Si Civilizatie Romaneasca In Maramures</subfield></datafield><datafield ind1=" " ind2=" " tag="852"><subfield code="a">82382</subfield><subfield code="c">HH</subfield></datafield><datafield ind1=" " ind2=" " tag="CAT"><subfield code="a">Sys</subfield><subfield code="c">20141112</subfield><subfield code="h">140604</subfield></datafield></record></collection>